<?xml version="1.0" encoding="UTF-8"?><record xmlns="http://www.loc.gov/MARC21/slim" xmlns:cinclude="http://apache.org/cocoon/include/1.0" xmlns:zs="http://www.loc.gov/zing/srw/">
  <leader>00375cz  a2200133n  4500</leader>
  <controlfield tag="001">n  81064408 </controlfield>
  <controlfield tag="003">DLC</controlfield>
  <controlfield tag="005">20030123051914.0</controlfield>
  <controlfield tag="008">810629n| acannaab|          |n aaa      </controlfield>
  <datafield tag="010" ind1=" " ind2=" ">
    <subfield code="a">n  81064408 </subfield>
  </datafield>
  <datafield tag="040" ind1=" " ind2=" ">
    <subfield code="a">DLC</subfield>
    <subfield code="c">DLC</subfield>
    <subfield code="d">DLC</subfield>
    <subfield code="d">Uk</subfield>
  </datafield>
  <datafield tag="100" ind1="1" ind2=" ">
    <subfield code="a">Davies, Ivor</subfield>
  </datafield>
  <datafield tag="670" ind1=" " ind2=" ">
    <subfield code="a">Kinetic art, 1972:</subfield>
    <subfield code="b">p. 4 (Ivor Davies)</subfield>
  </datafield>
  <datafield tag="670" ind1=" " ind2=" ">
    <subfield code="a">BL AL recd. 23 July 1993</subfield>
    <subfield code="b">(Ivor John Davies, born 9 Nov. 1935)</subfield>
  </datafield>
</record>